% Inter-row Guidance
@article{astrand2004,
    author        = {B. Astrand},
    title         = {A vision-based row-following system for agricultural field machinery},
    journaltitle  = {Mechatronics},
    year          = {2004},
    volume        = {15},
    number        = {1},
    pages         = {251-269},
}

@article{tian1998,
  title={Environmentally adaptive segmentation algorithm for outdoor image segmentation},
  author={Tian, Lei F and Slaughter, David C},
  journal={Computers and Electronics in Agriculture},
  volume={21},
  number={3},
  pages={153--168},
  year={1998},
  publisher={Elsevier}
}

@article{guijarro2011,
  title={Automatic segmentation of relevant textures in agricultural images},
  author={Guijarro, Maria and Pajares, Gonzalo and Riomoros, I and Herrera, PJ and Burgos-Artizzu, XP and Ribeiro, A},
  journal={Computers and Electronics in Agriculture},
  volume={75},
  number={1},
  pages={75--83},
  year={2011},
  publisher={Elsevier}
}

@article{meyer1998,
  title={Textural imaging and discriminant analysis for distinguishing weeds for spot spraying},
  author={Meyer, GE and Mehta, T and Kocher, MF and Mortensen, DA and Samal, A},
  journal={Transactions of the ASAE},
  volume={41},
  number={4},
  pages={1189--1197},
  year={1998},
  publisher={American Society of Agricultural Engineers}
}

@article{rovira2005,
  title={Hough-transform-based vision algorithm for crop row detection of an automated agricultural vehicle},
  author={Rovira-M{\'a}s, F and Zhang, Q and Reid, JF and Will, JD},
  journal={Proceedings of the Institution of Mechanical Engineers, Part D: Journal of Automobile Engineering},
  volume={219},
  number={8},
  pages={999--1010},
  year={2005},
  publisher={Sage Publications}
}

@article{zheng2009,
  title={Mean-shift-based color segmentation of images containing green vegetation},
  author={Zheng, Liying and Zhang, Jingtao and Wang, Qianyu},
  journal={Computers and Electronics in Agriculture},
  volume={65},
  number={1},
  pages={93--98},
  year={2009},
  publisher={Elsevier}
}

@article{brivot1996,
    author        = {Brivot},
    title         = {Segmentation of plants and weeds using infrared images},
    journaltitle  = {Proceedings of the Institution of Electrical Engineers, Vision, Image and Signal Processing},
    year          = {1996},
    volume        = {143},
    number        = {2},
    pages         = {118-124},
}

@article{hague2001,
    author        = {T. Hague},
    title         = {A bandpass filter-based approach to crop row location and tracking},
    journaltitle  = {Mechatronics},
    year          = {2001},
    volume        = {11},
    number        = {1},
    pages         = {1-12},
}

@article{tillet2002,
    author        = {N.D. Tillet},
    title         = {Inter-row vision guidance for mechanical weed control in sugar beet},
    journaltitle  = {Computers and Electronics in Agriculture},
    year          = {2002},
    volume        = {33},
    number        = {3},
    pages         = {163-177},
}

@incollection{moorthy2015,
  year  = {2015},
  month = {jun},
  publisher = {Springer Science $\mathplus$ Business Media},
  pages = {257--266},
  author = {S. Moorthy and B. Boigelot and B.C.N. Mercatoris},
  title = {Effective segmentation of green vegetation for resource-constrained real-time applications},
  booktitle = {Precision agriculture {\textquotesingle}15}
}

@article{hague2006,
  year={2006},
  issn={1385-2256},
  journal={Precision Agriculture},
  volume={7},
  number={1},
  title={Automated Crop and Weed Monitoring in Widely Spaced Cereals},
  publisher={Kluwer Academic Publishers},
  keywords={Field mapping; Image analysis; Cereals},
  author={Hague, T. and Tillett, N.D. and Wheeler, H.},
  pages={21-32},
  language={English}
}

@article{woebbecke1995,
  title={Color indices for weed identification under various soil, residue, and lighting conditions},
  author={Woebbecke, DM and Meyer, GE and Von Bargen, K and Mortensen, DA},
  journal={Transactions of the ASAE},
  volume={38},
  number={1},
  pages={259-269},
  year={1995},
  publisher={American Society of Agricultural Engineers}
}

@article{meyer2008,
    title = "Verification of color vegetation indices for automated crop imaging applications",
    journal = "Computers and Electronics in Agriculture",
    volume = "63",
    number = "2",
    pages = "282-293",
    year = "2008",
    issn = "0168-1699",
    author = "George E. Meyer and João Camargo Neto",
}

@article{olsen1995,
    author        = {H.J. Olsen},
    title         = {Determination of row position in small-grain crops by analysis of video images},
    journaltitle  = {Computers and Electronics in Agriculture},
    year          = {1995},
    volume        = {12},
    number        = {2},
    pages         = {146-162},
}

@article{sogaard2003,
    author        = {H.T. Søgaard},
    title         = {Determination of crop rows by image analysis without segmentation},
    journaltitle  = {Computers and Electronics in Agriculture},
    year          = {2003},
    volume        = {38},
    number        = {2},
    pages         = {141-158},
}

@article{kise2005,
    author        = {M. Kise},
    title         = {A stereovision-based crop row detection method for tractor-automated guidance},
    journaltitle  = {Biosystems Engineering},
    year          = {2005},
    volume        = {90},
    number        = {4},
    pages         = {357-367},
}

@article{giles1997,
    author        = {D.K. Giles},
    title         = {Precision band spraying with machine-vision guidance and adjustable yaw nozzle},
    journaltitle  = {Transactions of the ASAE},
    year          = {1997},
    volume        = {40},
    number        = {1},
    pages         = {29-36},
}

@article{marchant1995,
    author        = {J.A. Marchant},
    title         = {Real-time tracking of plant rows using a Hough transform},
    journaltitle  = {Real-Time Imaging},
    year          = {1995},
    volume        = {1},
    number        = {1},
    pages         = {363-371},
}

@article{pla1997,
    author        = {F. Pla},
    title         = {Building perspective models to guide a row crop navigation vehicle},
    journaltitle  = {Image and Vision Computing},
    year          = {1997},
    volume        = {15},
    number        = {1},
    pages         = {465-473},
}

% Motion Estimation
@article{bay2008,
    author        = {H. Bay},
    title         = {Speeded-up robust features (SURF)},
    journaltitle  = {Computer Vision and Image Understanding},
    year          = {2008},
    volume        = {110},
    number        = {3},
    pages         = {346-359},
}

@article{rublee2011,
    author        = {E. Rublee},
    title         = {ORB: an efficient alternative to SIFT or SURF},
    journaltitle  = {Computer Vision (ICCV), 2011 IEEE International Conference},
    year          = {2011},
    volume        = {?},
    number        = {?},
    pages         = {?-?},
}

@article{gauglitz2011,
    author        = {S. Gauglitz},
    title         = {Evaluation of interest point detectors and feature descriptors for visual tracking},
    journaltitle  = {International journal of computer vision},
    year          = {2011},
    volume        = {94},
    number        = {3},
    pages         = {335-360},
}

@article{lowe2004,
    author        = {D. Lowe},
    title         = {Distinctive image features from local scale-invariant keypoints},
    journaltitle  = {International journal of computer vision},
    year          = {2004},
    volume        = {60},
    number        = {2},
    pages         = {91-110},
}

@article{bailey,
    author        = {D. Bailey},
    title         = {A new approach to lens distortion correction},
    journaltitle  = {?},
    year          = {?},
    volume        = {?},
    number        = {?},
    pages         = {?-?},
}

@article{torr2000,
    author        = {P.H.S. Torr},
    title         = {Feature-based methods for structure and motion estimation},
    journaltitle  = {?},
    year          = {2000},
    volume        = {?},
    number        = {?},
    pages         = {?-?},
}

@article{Dworak2015,
    author        = {V. Dworak},
    title         = {Precise Navigation of Small Agricultural Robots in Sensitive Areas with a Smart Plant Camera},
    journaltitle  = {Journal of Imaging},
    year          = {2015},
    volume        = {1},
    number        = {1},
    pages         = {115-133},
}